@InProceedings{MillionPosts,
  Author    = {Dietmar Schabus and Marcin Skowron and Martin Trapp},
  Title     = {One Million Posts: A Data Set of German Online Discussions},
  Booktitle = {Proceedings of the 40th International ACM SIGIR Conference on Research and Development in Information Retrieval (SIGIR)},
  Pages     = {1241--1244},
  Year      = {2017},
  Address   = {Tokyo, Japan},
  Doi       = {10.1145/3077136.3080711},
  Month     = aug
}

@article{smith2009authorship,
  title={Authorship analysis for counter terrorism},
  author={Smith, DJ and Spencer, S and Grant, T},
  journal={Unpublished Research Report, QinetiQ/Aston University},
  year={2009}
}

@article{macleod2012whose,
  title={Whose Tweet? Authorship analysis of micro-blogs and other short-form messages},
  author={MacLeod, Nicci and Grant, Tim},
  year={2012},
  publisher={Aston University}
}

@inproceedings{rexha2015towards,
  title={Towards Authorship Attribution for Bibliometrics using Stylometric Features.},
  author={Rexha, Andi and Klampfl, Stefan and Kr{\"o}ll, Mark and Kern, Roman},
  booktitle={CLBib@ ISSI},
  pages={44--49},
  year={2015}
}

@inproceedings{sanderson2006short,
  title={Short text authorship attribution via sequence kernels, Markov chains and author unmasking: An investigation},
  author={Sanderson, Conrad and Guenter, Simon},
  booktitle={Proceedings of the 2006 Conference on Empirical Methods in Natural Language Processing},
  pages={482--491},
  year={2006}
}

@article{criminalForensics,
  title={TXT 4N6: method, consistency, and distinctiveness in the analysis of SMS text messages},
  author={Grant, Tim},
  journal={JL \& Pol'y},
  volume={21},
  pages={467},
  year={2012},
  publisher={HeinOnline}
}

@article{gru,
  author    = {Kyunghyun Cho and
               Bart van Merrienboer and
               {\c{C}}aglar G{\"{u}}l{\c{c}}ehre and
               Fethi Bougares and
               Holger Schwenk and
               Yoshua Bengio},
  title     = {Learning Phrase Representations using {RNN} Encoder-Decoder for Statistical
               Machine Translation},
  journal   = {CoRR},
  volume    = {abs/1406.1078},
  year      = {2014},
  url       = {http://arxiv.org/abs/1406.1078},
  archivePrefix = {arXiv},
  eprint    = {1406.1078},
  timestamp = {Mon, 13 Aug 2018 16:46:44 +0200},
  biburl    = {https://dblp.org/rec/journals/corr/ChoMGBSB14.bib},
  bibsource = {dblp computer science bibliography, https://dblp.org}
}

@article{adam,
  title={A method for stochastic optimization. arXiv 2014},
  author={Kingma, Diederik P and Ba, J Adam},
  journal={arXiv preprint arXiv:1412.6980},
  year={2019}
}